@article{euler1748introductio1,
  title={Introductio in analysin infinitorum, volume 1},
  author={Euler, Leonhard},
  year={1748},
  journal = {}
}
@article{euler1748introductio2,
  title={Introductio in analysin infinitorum, volume 2},
  author={Euler, Leonhard},
  volume={2},
  year={1748},
  journal = {}
}


